@article{x,
    author  = "",
    title   = "",
    journal = "",
    volume  = "",
    number  = "",
    pages   = "",
    year    = ""
}

@book{y,
    author    = "",
    title     = "",
    year      = "",
    publisher = "",
    address   = ""
}

@misc{z,
    author = "",
    title  = "",
    url    = ""
}

@misc{bib:rassGameRiskManagI,
    title         = "On Game-Theoretic Risk Management (Part One)",
    subtitle      = "Towards a Theory of Games with Payoffs that are Probability-Distributions",
    author        = "Stefan Rass",
    year          = "2015",
    eprint        = "1506.07368",
    archivePrefix = "arXiv",
    primaryClass  = "q-fin.EC"
}

@misc{bib:rassGameRiskManagII,
    title         = "On Game-Theoretic Risk Management (Part Two)",
    subtitle      = "Algorithms to Compute Nash-Equilibria in Games with Distributions as Payoffs",
    author        = "Stefan Rass",
    year          = "2015",
    eprint        = "1511.08591",
    archivePrefix = "arXiv",
    primaryClass  = "q-fin.EC"
}

@misc{bib:rassGameRiskManagIII,
    title         = "On Game-Theoretic Risk Management (Part Three)",
    subtitle      = "Modeling and Applications",
    author        = "Stefan Rass",
    year          = "2017",
    eprint        = "1711.00708",
    archivePrefix = "arXiv",
    primaryClass  = "q-fin.EC"
}

@article{bib:paretoNashEquilibria,
    author  = "D. Lozovanu and D. Solomon and A. Zelikovsky",
    title   = "Multiobjective Games and Determining Pareto-Nash Equilibria",
    journal = "Buletinul Academiei de Ştiinţe a Republicii Moldova. Matematica",
    number  = "49",
    pages   = "115--122",
    year    = "2005"
}

@unpublished{bib:tweakableStochasticOrders,
    author  = "Ali Alshawish and Hermann de Meer",
    title = "Tweakable Stochastic Orders for Cyber Insurances",
    year = "2019",
    note = "Submitted (Review Pending)"
}

@article{bib:riskMigitationElectricPowerSystems,
    author  = "Ali Alshawish and Hermann de Meer",
    title   = "Risk Migitation in Electric Power Systems: Where to Start?",
    journal = "Energy Informatics",
    volume  = "2",
    eid     = "34",
    year    = "2019"
}

@article{bib:rassGameTheoreticNWSecProv,
    author  = "Stefan Rass",
    title   = "On Game-Theoretic Network Security Provisioning",
    journal = "Journal of Network and Systems Management",
    volume  = "21",
    pages   = "47-64",
    year    = "2013"
}

@book{bib:matsumotoGameTheory,
    author    = "Akio Matsumoto and Ferenc Szidarovszky",
    title     = "Game Theory and Its Applications",
    year      = "2016",
    publisher = "Springer Japan",
    address   = "Tokyo"
}

@book{bib:alpcanNWSecGameTheoreticApproach,
    author    = "Tansu Alpcan and Tamer Başar",
    title     = "Network Security",
    subtitle  = "A Decision and Game-Theoretic Approach",
    year      = "2011",
    publisher = "Cambridge University Press",
    address   = "Cambridge (UK)"
}

@article{bib:rassTotalOrderingOnLossDistributions,
    author  = "Stefan Rass and Sandra König and Stefan Schauer",
    title   = "Decisions with Uncertain Consequences -- A
    Total Ordering on Loss-Distributions",
    journal = "PLoS ONE",
    volume  = "11",
    number  = "12",
    year    = "2016"
}

@book{bib:shakedStochasticOrders,
    author    = "Moshed Shaked and J. George Shanthikumar",
    title     = "Stochastic Orders",
    year      = "2007",
    publisher = "Springer Science+Business Media",
    address   = "New York"
}